<?xml version="1.0" encoding="UTF-8"?><collection xmlns="http://www.loc.gov/MARC21/slim"><record><leader>00400nam--2200121-i-4500</leader><controlfield tag="001">000040831</controlfield><controlfield tag="002">20161230</controlfield><controlfield tag="005">20161230201042</controlfield><controlfield tag="008">060222s1000------------r-----000-0-eng-d</controlfield><datafield ind1=" " ind2=" " tag="100"><subfield code="a">Schlafer, H.L</subfield></datafield><datafield ind1=" " ind2=" " tag="245"><subfield code="a">Komplexbildung in locung. methoden zur bestimmung der zusammensetzung und der stabilitatskonstanten geloster komplexverbindungen</subfield></datafield><datafield ind1=" " ind2=" " tag="260"><subfield code="a">Berlin, Springer-verlag, 1961, X+348p</subfield></datafield><datafield ind1=" " ind2=" " tag="852"><subfield code="a">17081</subfield></datafield></record></collection>